@book{unoffref,
author = {Berry, Karl and Gilmore, Stephen and Martinsen, Torsten},
title = {\englanti{Latex 2e: An unofficial reference manual}},
note = {October 2018},
year = 2018,
url = {https://latexref.xyz/}
}

@book{kirjtyypit,
author = {Itkonen, Markus},
title = {Kirjaintyypit ja tyyli},
year = 2015,
publisher = {\textsc{rps}-yhtiöt}
}

@book{typokk,
author = {Itkonen, Markus},
title = {Typo\-grafian käsikirja},
note = {Viides, tarkistettu painos},
year = 2019,
publisher = {Typoteekki. Graafinen suunnittelu Markus Itkonen Oy}
}

@book{pitkäjohdanto,
author = {Oetiker, Tobias and Partl, Hubert and Hyna, Irene and
Schlegl, Elisabeth and Hell\-gren, Timo},
title = {Pitkänpuoleinen johdanto Latex 2ε:n käyttöön},
subtitle = {Eli opi Latex 2ε 133 minuutissa},
note = {Versio 4.17fi, lokakuu 2005},
year = 2005,
url = {https://www.ctan.org/pkg/lshort-finnish}
}
